@article{zhang2024trained,
  title={Trained transformers learn linear models in-context},
  author={Zhang, Ruiqi and Frei, Spencer and Bartlett, Peter L},
  journal={Journal of Machine Learning Research},
  volume={25},
  number={49},
  pages={1--55},
  year={2024}
}

@article{garg2022can,
  title={What can transformers learn in-context? a case study of simple function classes},
  author={Garg, Shivam and Tsipras, Dimitris and Liang, Percy S and Valiant, Gregory},
  journal={Advances in Neural Information Processing Systems},
  volume={35},
  pages={30583--30598},
  year={2022}
}

@article{akyurek2022learning,
  title={What learning algorithm is in-context learning? investigations with linear models},
  author={Aky{\"u}rek, Ekin and Schuurmans, Dale and Andreas, Jacob and Ma, Tengyu and Zhou, Denny},
  journal={arXiv preprint arXiv:2211.15661},
  year={2022}
}

@inproceedings{von2023transformers,
  title={Transformers learn in-context by gradient descent},
  author={Von Oswald, Johannes and Niklasson, Eyvind and Randazzo, Ettore and Sacramento, Jo{\~a}o and Mordvintsev, Alexander and Zhmoginov, Andrey and Vladymyrov, Max},
  booktitle={International Conference on Machine Learning},
  pages={35151--35174},
  year={2023},
  organization={PMLR}
}

@article{ahn2024transformers,
  title={Transformers learn to implement preconditioned gradient descent for in-context learning},
  author={Ahn, Kwangjun and Cheng, Xiang and Daneshmand, Hadi and Sra, Suvrit},
  journal={Advances in Neural Information Processing Systems},
  volume={36},
  year={2024}
}

@article{brown2020language,
  title={Language models are few-shot learners},
  author={Brown, Tom B},
  journal={arXiv preprint arXiv:2005.14165},
  year={2020}
}

@article{liu2021makes,
  title={What Makes Good In-Context Examples for GPT-$3 $?},
  author={Liu, Jiachang and Shen, Dinghan and Zhang, Yizhe and Dolan, Bill and Carin, Lawrence and Chen, Weizhu},
  journal={arXiv preprint arXiv:2101.06804},
  year={2021}
}

@article{lu2021fantastically,
  title={Fantastically ordered prompts and where to find them: Overcoming few-shot prompt order sensitivity},
  author={Lu, Yao and Bartolo, Max and Moore, Alastair and Riedel, Sebastian and Stenetorp, Pontus},
  journal={arXiv preprint arXiv:2104.08786},
  year={2021}
}

@article{wei2022chain,
  title={Chain-of-thought prompting elicits reasoning in large language models},
  author={Wei, Jason and Wang, Xuezhi and Schuurmans, Dale and Bosma, Maarten and Xia, Fei and Chi, Ed and Le, Quoc V and Zhou, Denny and others},
  journal={Advances in neural information processing systems},
  volume={35},
  pages={24824--24837},
  year={2022}
}

@article{wu2022self,
  title={Self-adaptive in-context learning: An information compression perspective for in-context example selection and ordering},
  author={Wu, Zhiyong and Wang, Yaoxiang and Ye, Jiacheng and Kong, Lingpeng},
  journal={arXiv preprint arXiv:2212.10375},
  year={2022}
}

@article{achiam2023gpt,
  title={Gpt-4 technical report},
  author={Achiam, Josh and Adler, Steven and Agarwal, Sandhini and Ahmad, Lama and Akkaya, Ilge and Aleman, Florencia Leoni and Almeida, Diogo and Altenschmidt, Janko and Altman, Sam and Anadkat, Shyamal and others},
  journal={arXiv preprint arXiv:2303.08774},
  year={2023}
}

@article{touvron2023llama,
  title={Llama: Open and efficient foundation language models},
  author={Touvron, Hugo and Lavril, Thibaut and Izacard, Gautier and Martinet, Xavier and Lachaux, Marie-Anne and Lacroix, Timoth{\'e}e and Rozi{\`e}re, Baptiste and Goyal, Naman and Hambro, Eric and Azhar, Faisal and others},
  journal={arXiv preprint arXiv:2302.13971},
  year={2023}
}

@article{dai2022can,
  title={Why can gpt learn in-context? language models implicitly perform gradient descent as meta-optimizers},
  author={Dai, Damai and Sun, Yutao and Dong, Li and Hao, Yaru and Ma, Shuming and Sui, Zhifang and Wei, Furu},
  journal={arXiv preprint arXiv:2212.10559},
  year={2022}
}

inproceedings{von2023transformers,
  title={Transformers learn in-context by gradient descent},
  author={Von Oswald, Johannes and Niklasson, Eyvind and Randazzo, Ettore and Sacramento, Jo{\~a}o and Mordvintsev, Alexander and Zhmoginov, Andrey and Vladymyrov, Max},
  booktitle={International Conference on Machine Learning},
  pages={35151--35174},
  year={2023},
  organization={PMLR}
}

@inproceedings{li2023transformers,
  title={Transformers as algorithms: Generalization and stability in in-context learning},
  author={Li, Yingcong and Ildiz, Muhammed Emrullah and Papailiopoulos, Dimitris and Oymak, Samet},
  booktitle={International Conference on Machine Learning},
  pages={19565--19594},
  year={2023},
  organization={PMLR}
}

@article{mahankali2023one,
  title={One step of gradient descent is provably the optimal in-context learner with one layer of linear self-attention},
  author={Mahankali, Arvind and Hashimoto, Tatsunori B and Ma, Tengyu},
  journal={arXiv preprint arXiv:2307.03576},
  year={2023}
}

@inproceedings{schlag2021linear,
  title={Linear transformers are secretly fast weight programmers},
  author={Schlag, Imanol and Irie, Kazuki and Schmidhuber, J{\"u}rgen},
  booktitle={International Conference on Machine Learning},
  pages={9355--9366},
  year={2021},
  organization={PMLR}
}

@article{goh2017why,
  author = {Goh, Gabriel},
  title = {Why Momentum Really Works},
  journal = {Distill},
  year = {2017},
  url = {http://distill.pub/2017/momentum},
  doi = {10.23915/distill.00006}
}

@article{wu2020memformer,
  title={Memformer: A memory-augmented transformer for sequence modeling},
  author={Wu, Qingyang and Lan, Zhenzhong and Qian, Kun and Gu, Jing and Geramifard, Alborz and Yu, Zhou},
  journal={arXiv preprint arXiv:2010.06891},
  year={2020}
}

@inproceedings{xu2021transformer,
  title={Transformer-style relational reasoning with dynamic memory updating for temporal network modeling},
  author={Xu, Dongkuan and Liang, Junjie and Cheng, Wei and Wei, Hua and Chen, Haifeng and Zhang, Xiang},
  booktitle={Proceedings of the AAAI conference on artificial intelligence},
  volume={35},
  number={5},
  pages={4546--4554},
  year={2021}
}

@article{fu2023transformers,
  title={Transformers learn higher-order optimization methods for in-context learning: A study with linear models},
  author={Fu, Deqing and Chen, Tian-Qi and Jia, Robin and Sharan, Vatsal},
  journal={arXiv preprint arXiv:2310.17086},
  year={2023}
}

@article{giannou2024well,
  title={How Well Can Transformers Emulate In-context Newton's Method?},
  author={Giannou, Angeliki and Yang, Liu and Wang, Tianhao and Papailiopoulos, Dimitris and Lee, Jason D},
  journal={arXiv preprint arXiv:2403.03183},
  year={2024}
}

@article{ahn2023linear,
  title={Linear attention is (maybe) all you need (to understand transformer optimization)},
  author={Ahn, Kwangjun and Cheng, Xiang and Song, Minhak and Yun, Chulhee and Jadbabaie, Ali and Sra, Suvrit},
  journal={arXiv preprint arXiv:2310.01082},
  year={2023}
}

@article{merrill2022saturated,
  title={Saturated transformers are constant-depth threshold circuits},
  author={Merrill, William and Sabharwal, Ashish and Smith, Noah A},
  journal={Transactions of the Association for Computational Linguistics},
  volume={10},
  pages={843--856},
  year={2022},
  publisher={MIT Press One Broadway, 12th Floor, Cambridge, Massachusetts 02142, USA~â€¦}
}

@article{vladymyrov2024linear,
  title={Linear Transformers are Versatile In-Context Learners},
  author={Vladymyrov, Max and Von Oswald, Johannes and Sandler, Mark and Ge, Rong},
  journal={arXiv preprint arXiv:2402.14180},
  year={2024}
}

@article{xie2021explanation,
  title={An explanation of in-context learning as implicit bayesian inference},
  author={Xie, Sang Michael and Raghunathan, Aditi and Liang, Percy and Ma, Tengyu},
  journal={arXiv preprint arXiv:2111.02080},
  year={2021}
}

@article{von2023uncovering,
  title={Uncovering mesa-optimization algorithms in transformers},
  author={Von Oswald, Johannes and Niklasson, Eyvind and Schlegel, Maximilian and Kobayashi, Seijin and Zucchet, Nicolas and Scherrer, Nino and Miller, Nolan and Sandler, Mark and Vladymyrov, Max and Pascanu, Razvan and others},
  journal={arXiv preprint arXiv:2309.05858},
  year={2023}
}

@article{hahn2023theory,
  title={A theory of emergent in-context learning as implicit structure induction},
  author={Hahn, Michael and Goyal, Navin},
  journal={arXiv preprint arXiv:2303.07971},
  year={2023}
}

@article{chen2024transformers,
  title={How transformers utilize multi-head attention in in-context learning? a case study on sparse linear regression},
  author={Chen, Xingwu and Zhao, Lei and Zou, Difan},
  journal={arXiv preprint arXiv:2408.04532},
  year={2024}
}

@article{cui2024superiority,
  title={Superiority of multi-head attention in in-context linear regression},
  author={Cui, Yingqian and Ren, Jie and He, Pengfei and Tang, Jiliang and Xing, Yue},
  journal={arXiv preprint arXiv:2401.17426},
  year={2024}
}

@book{shalev2014understanding,
  title={Understanding machine learning: From theory to algorithms},
  author={Shalev-Shwartz, Shai and Ben-David, Shai},
  year={2014},
  publisher={Cambridge university press}
}

@book{geer2000empirical,
  title={Empirical Processes in M-estimation},
  author={Geer, Sara A},
  volume={6},
  year={2000},
  publisher={Cambridge university press}
}

@article{jacobs1991adaptive,
  title={Adaptive mixtures of local experts},
  author={Jacobs, Robert A and Jordan, Michael I and Nowlan, Steven J and Hinton, Geoffrey E},
  journal={Neural computation},
  volume={3},
  number={1},
  pages={79--87},
  year={1991},
  publisher={MIT Press}
}

@article{snell2024scaling,
  title={Scaling llm test-time compute optimally can be more effective than scaling model parameters},
  author={Snell, Charlie and Lee, Jaehoon and Xu, Kelvin and Kumar, Aviral},
  journal={ICLR 2025 arXiv:2408.03314},
  year={2024}
}

@inproceedings{sun2020test,
  title={Test-time training with self-supervision for generalization under distribution shifts},
  author={Sun, Yu and Wang, Xiaolong and Liu, Zhuang and Miller, John and Efros, Alexei and Hardt, Moritz},
  booktitle={International conference on machine learning},
  pages={9229--9248},
  year={2020},
  organization={PMLR}
}